@article{Sofue_2016,
	doi = {10.1093/pasj/psw103},
	url = {https://doi.org/10.1093%2Fpasj%2Fpsw103},
	year = 2016,
	month = {dec},
	publisher = {Oxford University Press ({OUP})},
	volume = {69},
	number = {1},
	pages = {R1},
	author = {Yoshiaki Sofue},
	title = {Rotation and mass in the Milky Way and spiral galaxies},
	journal = {Publications of the Astronomical Society of Japan}
},
@article{Sofue2020,
    author = "Ablimit, Iminhaji and Zhao, Gang and Flynn, Chris and Bird, Sarah A.",
    title = "{The Rotation Curve, Mass Distribution and Dark Matter Content of the Milky Way from Classical Cepheids}",
    eprint = "2004.13768",
    archivePrefix = "arXiv",
    primaryClass = "astro-ph.GA",
    doi = "10.3847/2041-8213/ab8d45",
    journal = "Astrophys. J.",
    volume = "895",
    number = "1",
    pages = "L12",
    year = "2020"
},