@article{PhysRevC.95.015207,
  title = {Inclusive $\Lambda$ production in proton-proton collisions at 3.5 GeV},
  author = {Adamczewski-Musch, J. and Agakishiev, G. and Arnold, O. and Atomssa, E. T. and Behnke, C. and Berger-Chen, J. C. and Biernat, J. and Blanco, A. and Blume, C. and B\"ohmer, M. and Bordalo, P. and Chernenko, S. and Deveaux, C. and Dreyer, J. and Dybczak, A. and Epple, E. and Fabbietti, L. and Fateev, O. and Fonte, P. and Franco, C. and Friese, J. and Fr\"ohlich, I. and Galatyuk, T. and Garz\'on, J. A. and Gill, K. and Golubeva, M. and Guber, F. and Gumberidze, M. and Harabasz, S. and Hennino, T. and Hlavac, S. and H\"ohne, C. and Holzmann, R. and Ierusalimov, A. and Ivashkin, A. and Jurkovic, M. and K\"ampfer, B. and Karavicheva, T. and Kardan, B. and Koenig, I. and Koenig, W. and Kolb, B. W. and Korcyl, G. and Kornakov, G. and Kotte, R. and Kr\'asa, A. and Krebs, E. and Kuc, H. and Kugler, A. and Kunz, T. and Kurepin, A. and Kurilkin, A. and Kurilkin, P. and Ladygin, V. and Lalik, R. and Lapidus, K. and Lebedev, A. and Lopes, L. and Lorenz, M. and Mahmoud, T. and Maier, L. and Maurus, S. and Mangiarotti, A. and Markert, J. and Metag, V. and Michel, J. and Morozov, S. and M\"untz, C. and M\"unzer, R. and Naumann, L. and Palka, M. and Parpottas, Y. and Pechenov, V. and Pechenova, O. and Petousis, V. and Pietraszko, J. and Przygoda, W. and Ramos, S. and Ramstein, B. and Rehnisch, L. and Reshetin, A. and Rost, A. and Rustamov, A. and Sadovsky, A. and Salabura, P. and Scheib, T. and Schmidt-Sommerfeld, K. and Schuldes, H. and Sellheim, P. and Siebenson, J. and Silva, L. and Sobolev, Yu. G. and Spataro, S. and Str\"obele, H. and Stroth, J. and Strzempek, P. and Sturm, C. and Svoboda, O. and Tarantola, A. and Teilab, K. and Tlusty, P. and Traxler, M. and Tsertos, H. and Vasiliev, T. and Wagner, V. and Wendisch, C. and Wirth, J. and Zanevsky, Y. and Zumbruch, P.},
  collaboration = {HADES Collaboration},
  journal = {Phys. Rev. C},
  volume = {95},
  issue = {1},
  pages = {015207},
  numpages = {10},
  year = {2017},
  month = {Jan},
  publisher = {American Physical Society},
  ddoi = {10.1103/PhysRevC.95.015207},
  uurl = {http://link.aps.org/doi/10.1103/PhysRevC.95.015207}
}
